@manual{ImaLauKin-blogit11,
  author = { Olivia Lau and Kosuke Imai and Gary King},
  title = { Bivariate Logistic Regression for Two Dichotomous Dependent Variables },
  year = 2011,
  url = { http://gking.harvard.edu/zelig }
}


@manual{ImaLauKin-bprobit11,
  author = { Olivia Lau and Kosuke Imai and Gary King},
  title = { Bivariate Probit Regression for Two Dichotomous Dependent Variables },
  year = 2011,
  url = { http://gking.harvard.edu/zelig }
}


@article{YeeHas03,
  author =	 {Yee, T. W. and Hastie, T. J.},
  title =	 {Reduced-rank vector generalized linear models},
  journal =	 {Statistical Modelling},
  volume =	 3,
  year =	 {2003},
  pages =	 {15--41},
  issue =	 1
}


@book{Martin92,
	author= { Lisa Martin },
	title = { Coercive Cooperation: Explaining Multilateral Economic Sanctions },
	publisher = { Princeton University Press },
	year = 1992,
	note = {
                Please inquire with Lisa Martin before publishing results from these data,
		as this dataset includes errors that have since been corrected.
               }
}
