@manual{ImaLauKin-ologit11,
  author = { Kosuke Imai and Olivia Lau and Gary King },
  title =  {
             ologit: Ordinal Logistic Regression for Ordered
             Categorical Dependent Variables
           },
  year =   2011,
  url =    { http://gking.harvard.edu/zelig }

}


@manual{ImaLauKin-oprobit11,
  author = { Kosuke Imai and Olivia Lau and Gary King },
  title =  {
             oprobit: Ordinal Probit Regression for Ordered
             Categorical Dependent Variables
           },
  year =   2011,
  url =    { http://gking.harvard.edu/zelig }

}

@book{Martin92,
	author={Lisa Martin},
	title={Coercive Cooperation: Explaining Multilateral Economic Sanctions},
	publisher={Princeton University Press},
	year={1992},
	note={Please inquire with Lisa Martin before publishing results from these data,
		as this dataset includes errors that have since been corrected.}
}

@book{McCNel89,
	author={Peter McCullagh and James A. Nelder},
	title={Generalized Linear Models},
	publisher={Chapman \& Hall},
	year={1989},
	series={Monograph on Statistics and Applied Probability},
	edition={2nd},
	number={37}
}

@article{YeeHas03,
  author =	 {Yee, T. W. and Hastie, T. J.},
  title =	 {Reduced-rank vector generalized linear models},
  journal =	 {Statistical Modelling},
  volume =	 3,
  year =	 {2003},
  pages =	 {15--41},
  issue =	 1
}

@book{VenRip02,
	author={William N. Venables and Brian D. Ripley},
	title={Modern Applied Statistics with S},
	publisher={Springer-Verlag},
	year={2002},
	edition={4th}
}
