% manuals for models
@manual{ImaLauKin-gamma.survey11,
  author = { Kosuke Imai and Olivia Lau and Gary King },
  title =  {
            probit.survey: Survey-Weighted Probit Regression
            for Dichotomous Dependent Variables 
           },
  year =   2011,
  url =    { http://gking.harvard.edu/zelig }
}

@manual{ImaLauKin-logit.survey11,
  author = { Kosuke Imai and Olivia Lau and Gary King },
  title =  {
             logit.survey: Survey-Weighted Logistic Regression
             for Dichotomous Dependent Variables
           },
  year =   2011,
  url =    { http://gking.harvard.edu/zelig }
}

@manual{ImaLauKin-normal.survey11,
  author = { Kosuke Imai and Olivia Lau and Gary King },
  title =  {
             normal.survey: Survey-Weighted Normal Regression for
             Continuous Dependent Variables
           },
  year =   2011,
  url =    { http://gking.harvard.edu/zelig }
}

@manual{ImaLauKin-poisson.survey11,
  author = { Kosuke Imai and Olivia Lau and Gary King },
  title =  {
            poisson.survey: Survey-Weighted Poisson Regression for
            Event Count Dependent Variables
           },
  year =   2011,
  url =    { http://gking.harvard.edu/zelig }
}

@manual{ImaLauKin-probit.survey11,
  author = { Kosuke Imai and Olivia Lau and Gary King },
  title =  {
             probit.survey: Survey-Weighted Probit Regression
             for Dichotomous Dependent Variables
           },
  year =   2011,
  url =    { http://gking.harvard.edu/zelig }
}

@book{McCNel89,
	author={Peter McCullagh and James A. Nelder},
	title={Generalized Linear Models},
	publisher={Chapman \& Hall},
	year={1989},
	series={Monograph on Statistics and Applied Probability},
	edition={2nd},
	number={37}
}
@book{VenRip02,
	author={William N. Venables and Brian D. Ripley},
	title={Modern Applied Statistics with S},
	publisher={Springer-Verlag},
	year={2002},
	edition={4th}
}
@article{HorTho52,
  author =	 {D. G. Horvitz and D.J. Thompson},
  title =	 {A Generalization of Sampling without Replacement
                  from a Finite Universe},
  year =	 {1952},
  journal =	 {Journal of the American Statistical Association},
  volume =	 {47},
  pages =	 {663--685}
}
@article{Bin83,
    author  = {David A. Binder},
    title   = {On the Variance of Asymptoticaly Normal Estimators from Complex Surveys},
    year    = {1983},
    journal = {International Statistical Review},
    volume  = {51},
    number  = {3},
    pages   = {279--292}
}
